@Article{DrivingAutomotiveUserInterfaceResearch,
	author = {A. Schmidt and W. Spiessl and D. Kern},
	title = {Driving Automotive User Interface Research},
	journal = {IEEE Pervasive Computing},
	year = 2010
}
@InBook{Skrypchuk2016,
	author = {Skrypchuk, Lee and Langdon, Patrick M. and Clarkson, P. John and Mouzakitis, Alex},
	editor = {Antona, Margherita and Stephanidis, Constantine},
	title = {Creating Inclusive Automotive Interfaces Using Situation Awareness as a Design Philosophy},
	booktitle = {Universal Access in Human-Computer Interaction. Users and Context Diversity: 10th International Conference, UAHCI 2016, Held as Part of HCI International 2016, Toronto, ON, Canada, July 17-22, 2016, Proceedings, Part III},
	year = 2016,
	publisher = {Springer International Publishing},
	address = {Cham},
	pages = {639--649},
	isbn = {978-3-319-40238-3},
	doi = {10.1007/978-3-319-40238-3_61},
	url = {http://dx.doi.org/10.1007/978-3-319-40238-3_61}
}
@InProceedings{Developmentofanautomotiveuserinterfacedesignknowledgesystem,
	author = {Tan, Hao and Zhu, Yi and Zhao, Jianghong},
	title = {Development of an Automotive User Interface Design Knowledge System},
	booktitle = {Proceedings of the 4th International Conference on Automotive User Interfaces and Interactive Vehicular Applications},
	series = {AutomotiveUI '12},
	year = 2012,
	isbn = {978-1-4503-1751-1},
	location = {Portsmouth, New Hampshire},
	pages = {201--208},
	numpages = 8,
	url = {http://doi.acm.org/10.1145/2390256.2390291},
	doi = {10.1145/2390256.2390291},
	acmid = 2390291,
	publisher = {ACM},
	address = {New York, NY, USA},
	keywords = {automotive user interface, contextual design, design knowledge system, qualitative field study}
}
@Inbook{Holstein2015,

	author="Holstein,
 	Tobias
and Wallmyr,
	Markus
and Wietzke,
	Joachim
and Land,
	Rikard",
	
editor="Kurosu,
	Masaaki",
	
title="Current Challenges in Compositing Heterogeneous User Interfaces for Automotive Purposes",

	bookTitle="Human-Computer Interaction: Interaction Technologies: 17th International Conference, HCI International 2015, Los Angeles, CA, USA, August 2-7, 2015, Proceedings, Part II",
	
year="2015",
	
publisher="Springer International Publishing",
	
address="Cham",

	pages="531--542",

	isbn="978-3-319-20916-6",

	doi="10.1007/978-3-319-20916-6_49",

	url="http://dx.doi.org/10.1007/978-3-319-20916-6_49"
}



