@Manual{google-api-zoom,
  title = {{Google Maps JavaScript API | Map Options | Zoom Levels}},
  howpublished={\url{https://developers.google.com/maps/documentation/javascript/tutorial#zoom-levels}},
  year = 2017,
  urldate = {2017-03-03}
}

